@book{bauer,
    author  =   {Christian Frank and Jan Bauer},
    title   =   {Digitaltechnik Laboranleitung},
    year    =   {2022},
}
@book{datenblatt,
    author  =   {},
    title   =   {CD74HC4511E BCD-to-7-Segment-Latch},
    year    =   {1998},
    editor  =   {Texas Instruments},
    url     =   {https://www.ti.com/lit/ds/symlink/cd74hc4511.pdf?HQS=dis-mous-null-mousermode-dsf-pf-null-wwe&ts=1649347240369&ref_url=https\%253A\%252F\%252Fwww.mouser.com\%252F},
    urldate =   {2022-04-08},
}